
% 29765358 
@Article{Vinuesa2018,
   Author="Vinuesa, P.  and Ochoa-Sanchez, L. E.  and Contreras-Moreira, B. ",
   Title="{{G}{E}{T}_{P}{H}{Y}{L}{O}{M}{A}{R}{K}{E}{R}{S}, a {S}oftware {P}ackage to {S}elect {O}ptimal {O}rthologous {C}lusters for {P}hylogenomics and {I}nferring {P}an-{G}enome {P}hylogenies, {U}sed for a {C}ritical {G}eno-{T}axonomic {R}evision of the {G}enus {S}tenotrophomonas}",
   Journal="Front Microbiol",
   Year="2018",
   Volume="9",
   Pages="771"
}

% 26896847 
@Article{Herrero2016,
   Author="Herrero, J.  and Muffato, M.  and Beal, K.  and Fitzgerald, S.  and Gordon, L.  and Pignatelli, M.  and Vilella, A. J.  and Searle, S. M.  and Amode, R.  and Brent, S.  and Spooner, W.  and Kulesha, E.  and Yates, A.  and Flicek, P. ",
   Title="{{E}nsembl comparative genomics resources}",
   Journal="Database (Oxford)",
   Year="2016",
   Volume="2016"
}

% 31598706 
@Article{Howe2019,
   Author="Howe, K. L.  and Contreras-Moreira, B.  and De Silva, N.  and Maslen, G.  and Akanni, W.  and Allen, J.  and Alvarez-Jarreta, J.  and Barba, M.  and Bolser, D. M.  and Cambell, L.  and Carbajo, M.  and Chakiachvili, M.  and Christensen, M.  and Cummins, C.  and Cuzick, A.  and Davis, P.  and Fexova, S.  and Gall, A.  and George, N.  and Gil, L.  and Gupta, P.  and Hammond-Kosack, K. E.  and Haskell, E.  and Hunt, S. E.  and Jaiswal, P.  and Janacek, S. H.  and Kersey, P. J.  and Langridge, N.  and Maheswari, U.  and Maurel, T.  and McDowall, M. D.  and Moore, B.  and Muffato, M.  and Naamati, G.  and Naithani, S.  and Olson, A.  and Papatheodorou, I.  and Patricio, M.  and Paulini, M.  and Pedro, H.  and Perry, E.  and Preece, J.  and Rosello, M.  and Russell, M.  and Sitnik, V.  and Staines, D. M.  and Stein, J.  and Tello-Ruiz, M. K.  and Trevanion, S. J.  and Urban, M.  and Wei, S.  and Ware, D.  and Williams, G.  and Yates, A. D.  and Flicek, P. ",
   Title="{{E}nsembl {G}enomes 2020-enabling non-vertebrate genomic research}",
   Journal="Nucleic Acids Res.",
   Year="2019",
   Month="Oct"
}

% 25343868 
@Article{Vinuesa2015,
   Author="Vinuesa, P.  and Contreras-Moreira, B. ",
   Title="{{R}obust identification of orthologues and paralogues for microbial pan-genomics using {G}{E}{T}_{H}{O}{M}{O}{L}{O}{G}{U}{E}{S}: a case study of p{I}nc{A}/{C} plasmids}",
   Journal="Methods Mol. Biol.",
   Year="2015",
   Volume="1231",
   Pages="203--232",
   url="https://www.ncbi.nlm.nih.gov/pubmed/25343868"
}

% 24096415 
@Article{ContrerasMoreira2013,
   Author="Contreras-Moreira, B.  and Vinuesa, P. ",
   Title="{{G}{E}{T}_{H}{O}{M}{O}{L}{O}{G}{U}{E}{S}, a versatile software package for scalable and robust microbial pangenome analysis}",
   Journal="Appl. Environ. Microbiol.",
   Year="2013",
   Volume="79",
   Number="24",
   Pages="7696--7701",
   url="http://aem.asm.org/content/79/24/7696.long"
}

#10.3389/fpls.2017.00184
@Article{ContrerasMoreira2017,
  AUTHOR={Contreras-Moreira, B. and Cantalapiedra, C. and Garcia-Pereira, M.J. and Gordon, S. and Vogel, J. and Igartua, E. and Casas, A.M. and Vinuesa, P.},   
  TITLE={Analysis of plant pan-genomes and transcriptomes with GET_HOMOLOGUES-EST, a clustering solution for sequences of the same species},      
  JOURNAL={Frontiers in Plant Science},      
  VOLUME={8},      
  PAGES={184},     
  YEAR={2017},      
	URL={http://journal.frontiersin.org/article/10.3389/fpls.2017.00184},       
	DOI={10.3389/fpls.2017.00184},      
}

% 12471157 
@Article{Welch2002,
   Author="Welch, R. A.  and Burland, V.  and Plunkett, G.  and Redford, P.  and Roesch, P.  and Rasko, D.  and Buckles, E. L.  and Liou, S. R.  and Boutin, A.  and Hackett, J.  and Stroud, D.  and Mayhew, G. F.  and Rose, D. J.  and Zhou, S.  and Schwartz, D. C.  and Perna, N. T.  and Mobley, H. L.  and Donnenberg, M. S.  and Blattner, F. R. ",
   Title="{{E}xtensive mosaic structure revealed by the complete genome sequence of uropathogenic {E}scherichia coli}",
   Journal="Proc. Natl. Acad. Sci. U.S.A.",
   Year="2002",
   Volume="99",
   Number="26",
   Pages="17020--17024",
   Month="Dec",
   URL={https://www.ncbi.nlm.nih.gov/pmc/articles/PMC139262}, 
}

% 16172379 
@Article{Tettelin2005,
   Author="Tettelin, H.  and Masignani, V.  and Cieslewicz, M. J.  and Donati, C.  and Medini, D.  and Ward, N. L.  and Angiuoli, S. V.  and Crabtree, J.  and Jones, A. L.  and Durkin, A. S.  and Deboy, R. T.  and Davidsen, T. M.  and Mora, M.  and Scarselli, M.  and Margarit y Ros, I.  and Peterson, J. D.  and Hauser, C. R.  and Sundaram, J. P.  and Nelson, W. C.  and Madupu, R.  and Brinkac, L. M.  and Dodson, R. J.  and Rosovitz, M. J.  and Sullivan, S. A.  and Daugherty, S. C.  and Haft, D. H.  and Selengut, J.  and Gwinn, M. L.  and Zhou, L.  and Zafar, N.  and Khouri, H.  and Radune, D.  and Dimitrov, G.  and Watkins, K.  and O'Connor, K. J.  and Smith, S.  and Utterback, T. R.  and White, O.  and Rubens, C. E.  and Grandi, G.  and Madoff, L. C.  and Kasper, D. L.  and Telford, J. L.  and Wessels, M. R.  and Rappuoli, R.  and Fraser, C. M. ",
   Title="{{G}enome analysis of multiple pathogenic isolates of {S}treptococcus agalactiae: implications for the microbial "pan-genome"}",
   Journal="Proc. Natl. Acad. Sci. U.S.A.",
   Year="2005",
   Volume="102",
   Number="39",
   Pages="13950--13955",
   Month="Sep",
   URL={https://www.ncbi.nlm.nih.gov/pmc/articles/PMC1216834}
}

% 23114024 
@Article{Kaas2012,
   Author="Kaas, R. S.  and Friis, C.  and Ussery, D. W.  and Aarestrup, F. M. ",
   Title="{{E}stimating variation within the genes and inferring the phylogeny of 186 sequenced diverse {E}scherichia coli genomes}",
   Journal="BMC Genomics",
   Year="2012",
   Volume="13",
   Pages="577",
   Month="Oct",
   URL={http://bmcgenomics.biomedcentral.com/articles/10.1186/1471-2164-13-577}
}

% 25721608 
@Article{Xiao2015,
   Author="Xiao, J.  and Zhang, Z.  and Wu, J.  and Yu, J. ",
   Title="{{A} brief review of software tools for pangenomics}",
   Journal="Genomics Proteomics Bioinformatics",
   Year="2015",
   Volume="13",
   Number="1",
   Pages="73--76",
   Month="Feb",
   URL={https://www.ncbi.nlm.nih.gov/pmc/articles/PMC4411478}
}

% 26593040 
@Article{Golicz2016,
   Author="Golicz, A. A.  and Batley, J.  and Edwards, D. ",
   Title="{{T}owards plant pangenomics}",
   Journal="Plant Biotechnol. J.",
   Year="2016",
   Volume="14",
   Number="4",
   Pages="1099--1105",
   Month="Apr",
   URL={https://www.ncbi.nlm.nih.gov/pubmed/26593040}
}

% 17300983 
@Article{Morgante2007,
   Author="Morgante, M.  and De Paoli, E.  and Radovic, S. ",
   Title="{{T}ransposable elements and the plant pan-genomes}",
   Journal="Curr. Opin. Plant Biol.",
   Year="2007",
   Volume="10",
   Number="2",
   Pages="149--155",
   Month="Apr",
   URL={https://www.ncbi.nlm.nih.gov/pubmed/17300983}
}

% 24548794 
@Article{Marroni2014,
   Author="Marroni, F.  and Pinosio, S.  and Morgante, M. ",
   Title="{{S}tructural variation and genome complexity: is dispensable really dispensable?}",
   Journal="Curr. Opin. Plant Biol.",
   Year="2014",
   Volume="18",
   Pages="31--36",
   Month="Apr",
   URL={https://www.ncbi.nlm.nih.gov/pubmed/24548794}
}

% 20843356 
@Article{Laing2010,
   Author="Laing, C.  and Buchanan, C.  and Taboada, E. N.  and Zhang, Y.  and Kropinski, A.  and Villegas, A.  and Thomas, J. E.  and Gannon, V. P. ",
   Title="{{P}an-genome sequence analysis using {P}anseq: an online tool for the rapid analysis of core and accessory genomic regions}",
   Journal="BMC Bioinformatics",
   Year="2010",
   Volume="11",
   Pages="461",
   Month="Sep",
   URL={https://www.ncbi.nlm.nih.gov/pmc/articles/PMC2949892}
}

% 22123704 
@Article{Carattoli2012,
   Author="Carattoli, A.  and Villa, L.  and Poirel, L.  and Bonnin, R. A.  and Nordmann, P. ",
   Title="{{E}volution of {I}nc{A}/{C} blaCMY2-carrying plasmids by acquisition of the blaNDM1 carbapenemase gene}",
   Journal="Antimicrob. Agents Chemother.",
   Year="2012",
   Volume="56",
   Number="2",
   Pages="783--786",
   Month="Feb",
   URL={https://www.ncbi.nlm.nih.gov/pmc/articles/PMC3264282}
}

% 19482926 
@Article{Fricke2009,
   Author="Fricke, W. F.  and Welch, T. J.  and McDermott, P. F.  and Mammel, M. K.  and LeClerc, J. E.  and White, D. G.  and Cebula, T. A.  and Ravel, J. ",
   Title="{{C}omparative genomics of the {I}nc{A}/{C} multidrug resistance plasmid family}",
   Journal="J. Bacteriol.",
   Year="2009",
   Volume="191",
   Number="15",
   Pages="4750--4757",
   Month="Aug",
   URL={https://www.ncbi.nlm.nih.gov/pmc/articles/PMC2715731}
}

% 22754754 
@Article{Johnson2012,
   Author="Johnson, T. J.  and Lang, K. S. ",
   Title="{{I}nc{A}/{C} plasmids: {A}n emerging threat to human and animal health?}",
   Journal="Mob Genet Elements",
   Year="2012",
   Volume="2",
   Number="1",
   Pages="55--58",
   Month="Jan",
   URL={https://www.ncbi.nlm.nih.gov/pmc/articles/PMC3383451}
}

% 21966500 
@Article{Sekizuka2011,
   Author="Sekizuka, T.  and Matsui, M.  and Yamane, K.  and Takeuchi, F.  and Ohnishi, M.  and Hishinuma, A.  and Arakawa, Y.  and Kuroda, M. ",
   Title="{{C}omplete sequencing of the bla({N}{D}{M}-1)-positive {I}nc{A}/{C} plasmid from {E}scherichia coli {S}{T}38 isolate suggests a possible origin from plant pathogens}",
   Journal="PLoS ONE",
   Year="2011",
   Volume="6",
   Number="9",
   Pages="e25334",
   URL={http://journals.plos.org/plosone/article?id=10.1371/journal.pone.0025334}
}

% 21109172 
@Article{Poirel2010,
   Author="Poirel, L.  and Hombrouck-Alet, C.  and Freneaux, C.  and Bernabeu, S.  and Nordmann, P. ",
   Title="{{G}lobal spread of {N}ew {D}elhi metallo-beta-lactamase 1}",
   Journal="Lancet Infect Dis",
   Year="2010",
   Volume="10",
   Number="12",
   Pages="832",
   Month="Dec",
   URL={https://www.ncbi.nlm.nih.gov/pubmed/21109172}
}

% 18088402 
@Article{Willenbrock2007,
   Author="Willenbrock, H.  and Hallin, P. F.  and Wassenaar, T. M.  and Ussery, D. W. ",
   Title="{{C}haracterization of probiotic {E}scherichia coli isolates with a novel pan-genome microarray}",
   Journal="Genome Biol.",
   Year="2007",
   Volume="8",
   Number="12",
   Pages="R267",
   URL={https://genomebiology.biomedcentral.com/articles/10.1186/gb-2007-8-12-r267}
}

% 19691844 
@Article{Snipen2009,
   Author="Snipen, L.  and Almoy, T.  and Ussery, D. W. ",
   Title="{{M}icrobial comparative pan-genomics using binomial mixture models}",
   Journal="BMC Genomics",
   Year="2009",
   Volume="10",
   Pages="385",
   Month="Aug",
   URL={https://www.ncbi.nlm.nih.gov/pmc/articles/PMC2907702}
}

% 20439257 
@Article{Kristensen2010,
   Author="Kristensen, D. M.  and Kannan, L.  and Coleman, M. K.  and Wolf, Y. I.  and Sorokin, A.  and Koonin, E. V.  and Mushegian, A. ",
   Title="{{A} low-polynomial algorithm for assembling clusters of orthologous groups from intergenomic symmetric best matches}",
   Journal="Bioinformatics",
   Year="2010",
   Volume="26",
   Number="12",
   Pages="1481--1487",
   Month="Jun",
   URL={https://www.ncbi.nlm.nih.gov/pmc/articles/PMC2881409}
}

% 12952885 
@Article{Li2003,
   Author="Li, L.  and Stoeckert, C. J.  and Roos, D. S. ",
   Title="{{O}rtho{M}{C}{L}: identification of ortholog groups for eukaryotic genomes}",
   Journal="Genome Res.",
   Year="2003",
   Volume="13",
   Number="9",
   Pages="2178--2189",
   Month="Sep",
   URL={http://genome.cshlp.org/content/13/9/2178.long}
}

@article{Novak2020k, 
  title={Repeat-sequence turnover shifts fundamentally in species with large genomes.}, 
  volume={6}, 
  DOI={10.1038/s41477-020-00785-x}, 
  abstractNote={Given the 2,400-fold range of genome sizes (0.06-148.9 Gbp (gigabase pair)) of seed plants (angiosperms and gymnosperms) with a broadly similar gene content (amounting to approximately 0.03 Gbp), the repeat-sequence content of the genome might be expected to increase with genome size, resulting in the largest genomes consisting almost entirely of repetitive sequences. Here we test this prediction, using the same bioinformatic approach for 101 species to ensure consistency in what constitutes a repeat. We reveal a fundamental change in repeat turnover in genomes above around 10 Gbp, such that species with the largest genomes are only about 55% repetitive. Given that genome size influences many plant traits, habits and life strategies, this fundamental shift in repeat dynamics is likely to affect the evolutionary trajectory of species lineages.}, 
  number={11}, 
  journal={Nature Plants}, 
  author={Novák, Petr and Guignard, Maïté S and Neumann, Pavel and Kelly, Laura J and Mlinarec, Jelena and Koblížková, Andrea and Dodsworth, Steven and Kovařík, Aleš and Pellicer, Jaume and Wang, Wencai and et al.},   
  year={2020}, 
  month={Oct}, 
  pages={1325–1329},
  url="https://doi.org/10.1038/s41477-020-00785-x"
}

% 31882191 
@Article{Golicz2020,
   Author="Golicz, A. A.  and Bayer, P. E.  and Bhalla, P. L.  and Batley, J.  and Edwards, D. ",
   Title="{{P}angenomics {C}omes of {A}ge: {F}rom {B}acteria to {P}lant and {A}nimal {A}pplications}",
   Journal="Trends Genet",
   Year="2020",
   Volume="36",
   Number="2",
   Pages="132--145",
   Month="02",
   url="https://pubmed.ncbi.nlm.nih.gov/31882191"
}

% 33397434 
@Article{Coletta2021,
   Author="Della Coletta, R.  and Qiu, Y.  and Ou, S.  and Hufford, M. B.  and Hirsch, C. N. ",
   Title="{{H}ow the pan-genome is changing crop genomics and improvement}",
   Journal="Genome Biol",
   Year="2021",
   Volume="22",
   Number="1",
   Pages="3",
   Month="Jan",
   url="https://genomebiology.biomedcentral.com/articles/10.1186/s13059-020-02224-8"
}

% 27322545 
@Article{Yano2016,
   Author="Yano, K.  and Yamamoto, E.  and Aya, K.  and Takeuchi, H.  and Lo, P. C.  and Hu, L.  and Yamasaki, M.  and Yoshida, S.  and Kitano, H.  and Hirano, K.  and Matsuoka, M. ",
   Title="{{G}enome-wide association study using whole-genome sequencing rapidly identifies new genes influencing agronomic traits in rice}",
   Journal="Nat Genet",
   Year="2016",
   Volume="48",
   Number="8",
   Pages="927--934",
   Month="08",
   url="https://pubmed.ncbi.nlm.nih.gov/27322545"
}

% 32690893 
@Article{Bayer2020,
   Author="Bayer, P. E.  and Golicz, A. A.  and Scheben, A.  and Batley, J.  and Edwards, D. ",
   Title="{{P}lant pan-genomes are the new reference}",
   Journal="Nat Plants",
   Year="2020",
   Volume="6",
   Number="8",
   Pages="914--920",
   Month="08",
   url="https://pubmed.ncbi.nlm.nih.gov/32690893"
}

% 32453966 
@Article{Eizenga2020,
   Author="Eizenga, J. M.  and Novak, A. M.  and Sibbesen, J. A.  and Heumos, S.  and Ghaffaari, A.  and Hickey, G.  and Chang, X.  and Seaman, J. D.  and Rounthwaite, R.  and Ebler, J.  and Rautiainen, M.  and Garg, S.  and Paten, B.  and Marschall, T.  and Sirén, J.  and Garrison, E. ",
   Title="{{P}angenome {G}raphs}",
   Journal="Annu Rev Genomics Hum Genet",
   Year="2020",
   Volume="21",
   Pages="139--162",
   Month="08",
   url="https://pubmed.ncbi.nlm.nih.gov/32453966"
}

% 32284578 
@Article{Voichek2020,
   Author="Voichek, Y.  and Weigel, D. ",
   Title="{{I}dentifying genetic variants underlying phenotypic variation in plants without complete genomes}",
   Journal="Nat Genet",
   Year="2020",
   Volume="52",
   Number="5",
   Pages="534--540",   
   Month="05",
   url="https://doi.org/10.1038/s41588-020-0612-7"
}

% 30718880 
@Article{Arora2019,
   Author="Arora, S.  and Steuernagel, B.  and Gaurav, K.  and Chandramohan, S.  and Long, Y.  and Matny, O.  and Johnson, R.  and Enk, J.  and Periyannan, S.  and Singh, N.  and Asyraf Md Hatta, M.  and Athiyannan, N.  and Cheema, J.  and Yu, G.  and Kangara, N.  and Ghosh, S.  and Szabo, L. J.  and Poland, J.  and Bariana, H.  and Jones, J. D. G.  and Bentley, A. R.  and Ayliffe, M.  and Olson, E.  and Xu, S. S.  and Steffenson, B. J.  and Lagudah, E.  and Wulff, B. B. H. ",
   Title="{{R}esistance gene cloning from a wild crop relative by sequence capture and association genetics}",
   Journal="Nat Biotechnol",
   Year="2019",
   Volume="37",
   Number="2",
   Pages="139--143",
   Month="02",
   url="https://doi.org/10.1038/s41587-018-0007-9"
}

% 27587666 
@Article{Sheikhizadeh2016,
   Author="Sheikhizadeh, S.  and Schranz, M. E.  and Akdel, M.  and de Ridder, D.  and Smit, S. ",
   Title="{{P}an{T}ools: representation, storage and exploration of pan-genomic data}",
   Journal="Bioinformatics",
   Year="2016",
   Volume="32",
   Number="17",
   Pages="i487-i493",
   Month="09",
   url="https://academic.oup.com/bioinformatics/article/32/17/i487/2450785"
}

% 29259172 
@Article{Gordon2017,
   Author="Gordon, S. P.  and Contreras-Moreira, B.  and Woods, D. P.  and Des Marais, D. L.  and Burgess, D.  and Shu, S.  and Stritt, C.  and Roulin, A. C.  and Schackwitz, W.  and Tyler, L.  and Martin, J.  and Lipzen, A.  and Dochy, N.  and Phillips, J.  and Barry, K.  and Geuten, K.  and Budak, H.  and Juenger, T. E.  and Amasino, R.  and Caicedo, A. L.  and Goodstein, D.  and Davidson, P.  and Mur, L. A. J.  and Figueroa, M.  and Freeling, M.  and Catalan, P.  and Vogel, J. P. ",
   Title="{{E}xtensive gene content variation in the {B}rachypodium distachyon pan-genome correlates with population structure}",
   Journal="Nat Commun",
   Year="2017",
   Volume="8",
   Number="1",
   Pages="2184",
   Month="12",
   url="https://pubmed.ncbi.nlm.nih.gov/29259172/"
}

% 32728126 
@Article{Gordon2020,
   Author="Gordon, S. P.  and Contreras-Moreira, B.  and Levy, J. J.  and Djamei, A.  and Czedik-Eysenberg, A.  and Tartaglio, V. S.  and Session, A.  and Martin, J.  and Cartwright, A.  and Katz, A.  and Singan, V. R.  and Goltsman, E.  and Barry, K.  and Dinh-Thi, V. H.  and Chalhoub, B.  and Diaz-Perez, A.  and Sancho, R.  and Lusinska, J.  and Wolny, E.  and Nibau, C.  and Doonan, J. H.  and Mur, L. A. J.  and Plott, C.  and Jenkins, J.  and Hazen, S. P.  and Lee, S. J.  and Shu, S.  and Goodstein, D.  and Rokhsar, D.  and Schmutz, J.  and Hasterok, R.  and Catalan, P.  and Vogel, J. P. ",
   Title="{{G}radual polyploid genome evolution revealed by pan-genomic analysis of {B}rachypodium hybridum and its diploid progenitors}",
   Journal="Nat Commun",
   Year="2020",
   Volume="11",
   Number="1",
   Pages="3670",
   Month="07",
   url="https://pubmed.ncbi.nlm.nih.gov/32728126"
}

% 28521017 
@Article{Kang2017,
   Author="Kang, Y. J.  and Yang, D. C.  and Kong, L.  and Hou, M.  and Meng, Y. Q.  and Wei, L.  and Gao, G. ",
   Title="{{C}{P}{C}2: a fast and accurate coding potential calculator based on sequence intrinsic features}",
   Journal="Nucleic Acids Res",
   Year="2017",
   Volume="45",
   Number="W1",
   Pages="W12-W16",
   Month="07",
   url="https://academic.oup.com/nar/article/45/W1/W12/3831091"
}

% 33575571 
@Article{Camargo2020,
   Author="Camargo, A. P.  and Sourkov, V.  and Pereira, G. A. G.  and Carazzolle, M. F. ",
   Title="{{R}{N}{A}samba: neural network-based assessment of the protein-coding potential of {R}{N}{A} sequences}",
   Journal="NAR Genom Bioinform",
   Year="2020",
   Volume="2",
   Number="1",
   Pages="lqz024",
   Month="Mar",
   url="https://academic.oup.com/nargab/article/2/1/lqz024/5701461"
}

% 27339440 
@Article{Wang2016,
   Author="Wang, B.  and Tseng, E.  and Regulski, M.  and Clark, T. A.  and Hon, T.  and Jiao, Y.  and Lu, Z.  and Olson, A.  and Stein, J. C.  and Ware, D. ",
   Title="{{U}nveiling the complexity of the maize transcriptome by single-molecule long-read sequencing}",
   Journal="Nat Commun",
   Year="2016",
   Volume="7",
   Pages="11708",
   Month="06",
   url="https://pubmed.ncbi.nlm.nih.gov/27339440"
}

% 33575762 
@Article{Minio2019,
   Author="Minio, A.  and Massonnet, M.  and Figueroa-Balderas, R.  and Vondras, A. M.  and Blanco-Ulate, B.  and Cantu, D. ",
   Title="{{I}so-{S}eq {A}llows {G}enome-{I}ndependent {T}ranscriptome {P}rofiling of {G}rape {B}erry {D}evelopment}",
   Journal="G3 (Bethesda)",
   Year="2019",
   Volume="9",
   Number="3",
   Pages="755--767",
   Month="Mar",
   url="https://pubmed.ncbi.nlm.nih.gov/33575762"
}

% 24706738 
@Article{Qin2014,
   Author="Qin, Q. L.  and Xie, B. B.  and Zhang, X. Y.  and Chen, X. L.  and Zhou, B. C.  and Zhou, J.  and Oren, A.  and Zhang, Y. Z. ",
   Title="{{A} proposed genus boundary for the prokaryotes based on genomic insights}",
   Journal="J Bacteriol",
   Year="2014",
   Volume="196",
   Number="12",
   Pages="2210--2215",
   Month="Jun",
   url="https://pubmed.ncbi.nlm.nih.gov/24706738"
}

% 12651724 
@Article{Pertea2003,
   Author="Pertea, G.  and Huang, X.  and Liang, F.  and Antonescu, V.  and Sultana, R.  and Karamycheva, S.  and Lee, Y.  and White, J.  and Cheung, F.  and Parvizi, B.  and Tsai, J.  and Quackenbush, J. ",
   Title="{{T}{I}{G}{R} {G}ene {I}ndices clustering tools ({T}{G}{I}{C}{L}): a software system for fast clustering of large {E}{S}{T} datasets}",
   Journal="Bioinformatics",
   Year="2003",
   Volume="19",
   Number="5",
   Pages="651--652",
   Month="Mar",
   url="https://pubmed.ncbi.nlm.nih.gov/12651724/"
}

% 33563309 
@Article{Sielemann2021,
   Author="Sielemann, K.  and Weisshaar, B.  and Pucker, B. ",
   Title="{{R}eference-based {Q}{U}antification {O}f gene {D}ispensability ({Q}{U}{O}{D})}",
   Journal="Plant Methods",
   Year="2021",
   Volume="17",
   Number="1",
   Pages="18",
   Month="Feb",
   url="https://plantmethods.biomedcentral.com/articles/10.1186/s13007-021-00718-5"
}

% 33125078 
@Article{Mistry2021,
   Author="Mistry, J.  and Chuguransky, S.  and Williams, L.  and Qureshi, M.  and Salazar, G. A.  and Sonnhammer, E. L. L.  and Tosatto, S. C. E.  and Paladin, L.  and Raj, S.  and Richardson, L. J.  and Finn, R. D.  and Bateman, A. ",
   Title="{{P}fam: {T}he protein families database in 2021}",
   Journal="Nucleic Acids Res",
   Year="2021",
   Volume="49",
   Number="D1",
   Pages="D412-D419",
   Month="01",
   url="https://pubmed.ncbi.nlm.nih.gov/33125078/"
}

% 33237286 
@Article{Bateman2021,
   Author="Bateman, A.  and Martin, M. J.  and Orchard, S.  and Magrane, M.  and Agivetova, R.  and Ahmad, S.  and Alpi, E.  and Bowler-Barnett, E. H.  and Britto, R.  and Bursteinas, B.  and Bye-A-Jee, H.  and Coetzee, R.  and Cukura, A.  and Da Silva, A.  and Denny, P.  and Dogan, T.  and Ebenezer, T.  and Fan, J.  and Castro, L. G.  and Garmiri, P.  and Georghiou, G.  and Gonzales, L.  and Hatton-Ellis, E.  and Hussein, A.  and Ignatchenko, A.  and Insana, G.  and Ishtiaq, R.  and Jokinen, P.  and Joshi, V.  and Jyothi, D.  and Lock, A.  and Lopez, R.  and Luciani, A.  and Luo, J.  and Lussi, Y.  and MacDougall, A.  and Madeira, F.  and Mahmoudy, M.  and Menchi, M.  and Mishra, A.  and Moulang, K.  and Nightingale, A.  and Oliveira, C. S.  and Pundir, S.  and Qi, G.  and Raj, S.  and Rice, D.  and Lopez, M. R.  and Saidi, R.  and Sampson, J.  and Sawford, T.  and Speretta, E.  and Turner, E.  and Tyagi, N.  and Vasudev, P.  and Volynkin, V.  and Warner, K.  and Watkins, X.  and Zaru, R.  and Zellner, H.  and Bridge, A.  and Poux, S.  and Redaschi, N.  and Aimo, L.  and Argoud-Puy, G.  and Auchincloss, A.  and Axelsen, K.  and Bansal, P.  and Baratin, D.  and Blatter, M. C.  and Bolleman, J.  and Boutet, E.  and Breuza, L.  and Casals-Casas, C.  and de Castro, E.  and Echioukh, K. C.  and Coudert, E.  and Cuche, B.  and Doche, M.  and Dornevil, D.  and Estreicher, A.  and Famiglietti, M. L.  and Feuermann, M.  and Gasteiger, E.  and Gehant, S.  and Gerritsen, V.  and Gos, A.  and Gruaz-Gumowski, N.  and Hinz, U.  and Hulo, C.  and Hyka-Nouspikel, N.  and Jungo, F.  and Keller, G.  and Kerhornou, A.  and Lara, V.  and Le Mercier, P.  and Lieberherr, D.  and Lombardot, T.  and Martin, X.  and Masson, P.  and Morgat, A.  and Neto, T. B.  and Paesano, S.  and Pedruzzi, I.  and Pilbout, S.  and Pourcel, L.  and Pozzato, M.  and Pruess, M.  and Rivoire, C.  and Sigrist, C.  and Sonesson, K.  and Stutz, A.  and Sundaram, S.  and Tognolli, M.  and Verbregue, L.  and Wu, C. H.  and Arighi, C. N.  and Arminski, L.  and Chen, C.  and Chen, Y.  and Garavelli, J. S.  and Huang, H.  and Laiho, K.  and McGarvey, P.  and Natale, D. A.  and Ross, K.  and Vinayaka, C. R.  and Wang, Q.  and Wang, Y.  and Yeh, L. S.  and Zhang, J.  and Ruch, P.  and Teodoro, D. ",
   Title="{{U}ni{P}rot: the universal protein knowledgebase in 2021}",
   Journal="Nucleic Acids Res",
   Year="2021",
   Volume="49",
   Number="D1",
   Pages="D480-D489",
   Month="01",
   url="https://pubmed.ncbi.nlm.nih.gov/33237286/"
}

% 31020564 
@Article{Seppey2019,
   Author="Seppey, M.  and Manni, M.  and Zdobnov, E. M. ",
   Title="{{B}{U}{S}{C}{O}: {A}ssessing {G}enome {A}ssembly and {A}nnotation {C}ompleteness}",
   Journal="Methods Mol Biol",
   Year="2019",
   Volume="1962",
   Pages="227--245",
   url="https://pubmed.ncbi.nlm.nih.gov/31020564/"
}

% 22110026 
@Article{Goodstein2012,
   Author="Goodstein, D. M.  and Shu, S.  and Howson, R.  and Neupane, R.  and Hayes, R. D.  and Fazo, J.  and Mitros, T.  and Dirks, W.  and Hellsten, U.  and Putnam, N.  and Rokhsar, D. S. ",
   Title="{{P}hytozome: a comparative platform for green plant genomics}",
   Journal="Nucleic Acids Res",
   Year="2012",
   Volume="40",
   Number="Database issue",
   Pages="D1178--1186",
   Month="Jan",
   url="https://pubmed.ncbi.nlm.nih.gov/22110026"
}

% 29765358 
@Article{Vinuesa2018,
   Author="Vinuesa, P.  and Ochoa-Sánchez, L. E.  and Contreras-Moreira, B. ",
   Title="{{G}{E}{T}_{P}{H}{Y}{L}{O}{M}{A}{R}{K}{E}{R}{S}, a {S}oftware {P}ackage to {S}elect {O}ptimal {O}rthologous {C}lusters for {P}hylogenomics and {I}nferring {P}an-{G}enome {P}hylogenies, {U}sed for a {C}ritical {G}eno-{T}axonomic {R}evision of the {G}enus {S}tenotrophomonas}",
   Journal="Front Microbiol",
   Year="2018",
   Volume="9",
   Pages="771",
   url="https://www.frontiersin.org/articles/10.3389/fmicb.2018.00771/full"
}

% 11917018 
@Article{Enright2002,
   Author="Enright, A. J.  and Van Dongen, S.  and Ouzounis, C. A. ",
   Title="{{A}n efficient algorithm for large-scale detection of protein families}",
   Journal="Nucleic Acids Res",
   Year="2002",
   Volume="30",
   Number="7",
   Pages="1575--1584",
   Month="Apr",
   url="https://doi.org/10.1093/nar/30.7.1575"
}

% 25402007 
@Article{Buchfink2015,
   Author="Buchfink, B.  and Xie, C.  and Huson, D. H. ",
   Title="{{F}ast and sensitive protein alignment using {D}{I}{A}{M}{O}{N}{D}}",
   Journal="Nat Methods",
   Year="2015",
   Volume="12",
   Number="1",
   Pages="59--60",
   Month="Jan",
   url="https://pubmed.ncbi.nlm.nih.gov/25402007"
}

% 9632837 
@Article{Brown1998,
   Author="Brown, N. P.  and Leroy, C.  and Sander, C. ",
   Title="{{M}{V}iew: a web-compatible database search or multiple alignment viewer}",
   Journal="Bioinformatics",
   Year="1998",
   Volume="14",
   Number="4",
   Pages="380--381",
   url="https://pubmed.ncbi.nlm.nih.gov/9632837"
}

% 23845962 
@Article{Haas2013,
   Author="Haas, B. J.  and Papanicolaou, A.  and Yassour, M.  and Grabherr, M.  and Blood, P. D.  and Bowden, J.  and Couger, M. B.  and Eccles, D.  and Li, B.  and Lieber, M.  and MacManes, M. D.  and Ott, M.  and Orvis, J.  and Pochet, N.  and Strozzi, F.  and Weeks, N.  and Westerman, R.  and William, T.  and Dewey, C. N.  and Henschel, R.  and LeDuc, R. D.  and Friedman, N.  and Regev, A. ",
   Title="{{D}e novo transcript sequence reconstruction from {R}{N}{A}-seq using the {T}rinity platform for reference generation and analysis}",
   Journal="Nat Protoc",
   Year="2013",
   Volume="8",
   Number="8",
   Pages="1494--1512",
   Month="Aug",
   url="https://pubmed.ncbi.nlm.nih.gov/23845962"
}

% 9254694 
@Article{Altschul1997,
   Author="Altschul, S. F.  and Madden, T. L.  and Schäffer, A. A.  and Zhang, J.  and Zhang, Z.  and Miller, W.  and Lipman, D. J. ",
   Title="{{G}apped {B}{L}{A}{S}{T} and {P}{S}{I}-{B}{L}{A}{S}{T}: a new generation of protein database search programs}",
   Journal="Nucleic Acids Res",
   Year="1997",
   Volume="25",
   Number="17",
   Pages="3389--3402",
   Month="Sep",
   url="https://pubmed.ncbi.nlm.nih.gov/9254694"
}

% 12368254 
@Article{Stajich2002,
   Author="Stajich, J. E.  and Block, D.  and Boulez, K.  and Brenner, S. E.  and Chervitz, S. A.  and Dagdigian, C.  and Fuellen, G.  and Gilbert, J. G.  and Korf, I.  and Lapp, H.  and Lehväslaiho, H.  and Matsalla, C.  and Mungall, C. J.  and Osborne, B. I.  and Pocock, M. R.  and Schattner, P.  and Senger, M.  and Stein, L. D.  and Stupka, E.  and Wilkinson, M. D.  and Birney, E. ",
   Title="{{T}he {B}ioperl toolkit: {P}erl modules for the life sciences}",
   Journal="Genome Res",
   Year="2002",
   Volume="12",
   Number="10",
   Pages="1611--1618",
   Month="Oct",
   url="https://pubmed.ncbi.nlm.nih.gov/12368254"
}

% 22495750 
@Article{Popescu2012,
   Author="Popescu, A. A.  and Huber, K. T.  and Paradis, E. ",
   Title="{ape 3.0: {N}ew tools for distance-based phylogenetics and evolutionary analysis in {R}}",
   Journal="Bioinformatics",
   Year="2012",
   Volume="28",
   Number="11",
   Pages="1536--1537",
   Month="Jun",
   url="https://pubmed.ncbi.nlm.nih.gov/22495750/"
}

% 33239781 
@Article{Jayakodi2020,
   Author="Jayakodi, M.  and Padmarasu, S.  and Haberer, G.  and Bonthala, V. S.  and Gundlach, H.  and Monat, C.  and Lux, T.  and Kamal, N.  and Lang, D.  and Himmelbach, A.  and Ens, J.  and Zhang, X. Q.  and Angessa, T. T.  and Zhou, G.  and Tan, C.  and Hill, C.  and Wang, P.  and Schreiber, M.  and Boston, L. B.  and Plott, C.  and Jenkins, J.  and Guo, Y.  and Fiebig, A.  and Budak, H.  and Xu, D.  and Zhang, J.  and Wang, C.  and Grimwood, J.  and Schmutz, J.  and Guo, G.  and Zhang, G.  and Mochida, K.  and Hirayama, T.  and Sato, K.  and Chalmers, K. J.  and Langridge, P.  and Waugh, R.  and Pozniak, C. J.  and Scholz, U.  and Mayer, K. F. X.  and Spannagl, M.  and Li, C.  and Mascher, M.  and Stein, N. ",
   Title="{{T}he barley pan-genome reveals the hidden legacy of mutation breeding}",
   Journal="Nature",
   Year="2020",
   Volume="588",
   Number="7837",
   Pages="284--289",
   Month="12",
   url="https://pubmed.ncbi.nlm.nih.gov/33239781"
}

% 25371430 
@Article{Nguyen2015,
   Author="Nguyen, L. T.  and Schmidt, H. A.  and von Haeseler, A.  and Minh, B. Q. ",
   Title="{{I}{Q}-{T}{R}{E}{E}: a fast and effective stochastic algorithm for estimating maximum-likelihood phylogenies}",
   Journal="Mol Biol Evol",
   Year="2015",
   Volume="32",
   Number="1",
   Pages="268--274",
   Month="Jan",
   url="https://pubmed.ncbi.nlm.nih.gov/25371430/"
}

% 30535394 
@Article{Johnson2019,
   Author="Johnson, M. G.  and Pokorny, L.  and Dodsworth, S.  and Botigué, L. R.  and Cowan, R. S.  and Devault, A.  and Eiserhardt, W. L.  and Epitawalage, N.  and Forest, F.  and Kim, J. T.  and Leebens-Mack, J. H.  and Leitch, I. J.  and Maurin, O.  and Soltis, D. E.  and Soltis, P. S.  and Wong, G. K.  and Baker, W. J.  and Wickett, N. J. ",
   Title="{{A} {U}niversal {P}robe {S}et for {T}argeted {S}equencing of 353 {N}uclear {G}enes from {A}ny {F}lowering {P}lant {D}esigned {U}sing k-{M}edoids {C}lustering}",
   Journal="Syst Biol",
   Year="2019",
   Volume="68",
   Number="4",
   Pages="594--606",
   Month="07",
   url="https://academic.oup.com/sysbio/article/68/4/594/5237557"
}

@article {Baker2021,
	author = {Baker, William J. and Bailey, Paul and Barber, Vanessa and Barker, Abigail and Bellot, Sidonie and Bishop, David and Botigue, Laura R. and Brewer, Grace and Carruthers, Tom and Clarkson, James J. and Cook, Jeffrey and Cowan, Robyn S. and Dodsworth, Steven and Epitawalage, Niroshini and Francoso, Elaine and Gallego, Berta and Johnson, Matthew and Kim, Jan T. and Leempoel, Kevin and Maurin, Olivier and McGinnie, Catherine and Pokorny, Lisa and Roy, Shyamali and Stone, Malcolm and Toledo, Eduardo and Wickett, Norman J. and Zuntini, Alexandre R. and Eiserhardt, Wolf L. and Kersey, Paul J. and Leitch, Ilia J. and Forest, Felix},
	title = {A Comprehensive Phylogenomic Platform for Exploring the Angiosperm Tree of Life},
	elocation-id = {2021.02.22.431589},
	year = {2021},
	doi = {10.1101/2021.02.22.431589},
	publisher = {Cold Spring Harbor Laboratory},
	abstract = {The tree of life is the fundamental biological roadmap for navigating the evolution and properties of life on Earth, and yet remains largely unknown. Even angiosperms (flowering plants) are fraught with data gaps, despite their critical role in sustaining terrestrial life. Today, high-throughput sequencing promises to significantly deepen our understanding of evolutionary relationships. Here, we describe a comprehensive phylogenomic platform for exploring the angiosperm tree of life, comprising a set of open tools and data based on the 353 nuclear genes targeted by the universal Angiosperms353 sequence capture probes. This paper (i) documents our methods, (ii) describes our first data release and (iii) presents a novel open data portal, the Kew Tree of Life Explorer (https://treeoflife.kew.org). We aim to generate novel target sequence capture data for all genera of flowering plants, exploiting natural history collections such as herbarium specimens, and augment it with mined public data. Our first data release, described here, is the most extensive nuclear phylogenomic dataset for angiosperms to date, comprising 3,099 samples validated by DNA barcode and phylogenetic tests, representing all 64 orders, 404 families (96\%) and 2,333 genera (17\%). Using the multi-species coalescent, we inferred a first pass angiosperm tree of life from the data, which totalled 824,878 sequences, 489,086,049 base pairs, and 532,260 alignment columns. The tree is strongly supported and highly congruent with existing taxonomy, while challenging numerous hypothesized relationships among orders and placing many genera for the first time. The validated dataset, species tree and all intermediates are openly accessible via the Kew Tree of Life Explorer. This major milestone towards a complete tree of life for all flowering plant species opens doors to a highly integrated future for angiosperm phylogenomics through the systematic sequencing of standardised nuclear markers. Our approach has the potential to serve as a much-needed bridge between the growing movement to sequence the genomes of all life on Earth and the vast phylogenomic potential of the worlds natural history collections.Competing Interest StatementThe authors have declared no competing interest.},
	URL = {https://www.biorxiv.org/content/early/2021/02/22/2021.02.22.431589},
	eprint = {https://www.biorxiv.org/content/early/2021/02/22/2021.02.22.431589.full.pdf},
	journal = {bioRxiv}
}

@Inbook{Vernikos2020,
author="Vernikos, G. S.",
editor="Tettelin, Herv{\'e}
and Medini, Duccio",
title="A Review of Pangenome Tools and Recent Studies",
bookTitle="The Pangenome: Diversity, Dynamics and Evolution of Genomes",
year="2020",
publisher="Springer International Publishing",
address="Cham",
pages="89--112",
abstract="With the advance of sequencing technologies, the landscape of genomic analysis has been transformed, by moving from single strain to species (or even higher taxa)-wide genomic resolution, toward the direction of capturing the ``totality'' of life diversity; from this scientific advance and curiosity, the concept of ``pangenome'' was born. Herein we will review, from practical and technical implementation, existing projects of pangenome analysis, with the aim of providing the reader with a snapshot of useful tools should they need to embark on such a pangenomic journey.",
isbn="978-3-030-38281-0",
doi="10.1007/978-3-030-38281-0_4",
url="https://doi.org/10.1007/978-3-030-38281-0_4"
}

% 26622062 
@Article{Sato2015,
   Author="Sato, K.  and Tanaka, T.  and Shigenobu, S.  and Motoi, Y.  and Wu, J.  and Itoh, T. ",
   Title="{{I}mprovement of barley genome annotations by deciphering the {H}aruna {N}ijo genome}",
   Journal="DNA Res",
   Year="2016",
   Volume="23",
   Number="1",
   Pages="21--28",
   Month="Feb",
   url="https://pubmed.ncbi.nlm.nih.gov/26622062"
}

@article {ContrerasMoreira2025,
	Title = {A pan-gene catalogue of Asian cultivated rice},
	Author = {Contreras-Moreira, Bruno and Sharma, Eshan and Saraf, Shradha and Naamati, Guy and Gupta, Parul and Elser, Justin and Chebotarov, Dmytro and Chougule, Kapeel and Lu, Zhenyuan and Wei, Sharon and Olson, Andrew and Tsang, Ian and Lodha, Disha and Zhou, Yong and Yu, Zhichao and Zhao, Wen and Zhang, Jianwei and Amberkar, Sandeep and Sue-Ob, Kawinnat and Martin, Maria and McNally, Kenneth and Ware, Doreen and Sun, Zhi and Deutsch, Eric and Copetti, Dario and Wing, Rod and Jaiswal, Pankaj and Dyer, Sarah and Jones, Andrew},
	DOI = {10.1101/2025.02.17.638606},
	Abstract = {The rice genome underpins fundamental research and breeding, but the Nipponbare (japonica) reference does not fully encompass the genetic diversity of Asian rice. To address this gap, the Rice Population Reference Panel (RPRP) was developed, comprising high-quality assemblies of 16 rice cultivars to represent japonica , indica , aus , and aromatic varietal groups. The RPRP has been consistently annotated, supported by extensive experimental data and here we report the computational assignment, characterization and dissemination of stably identified pan-genes. We identified 25,178 core pan-genes shared across all cultivars, alongside cultivar-specific and family-enriched genes. Core genes exhibit higher gene expression and proteomic evidence, higher confidence protein domains and AlphaFold structures, while cultivar-specific genes were enriched for domains under selective breeding pressure, such as for disease resistance. This resource, integrated into public databases, enables researchers to explore genetic and functional diversity via a population-aware “reference guide” across rice genomes, advancing both basic and applied research.},
	Journal = {bioRxiv},
	Year = {2025},
	URL = {https://doi.org/10.1101/2025.02.17.638606},
}